@InBook{Springer,
	author = {George GRÄTZER},
	title = {Practical LaTeX},
	chapter = {Introduction},
	publisher = {Springer},
	address = {Budapest},
	year = {2014},
	edition = {2014th},
	ISBN = {978-3319064246},
}

@InBook{SpringerMath,
	author = {George GRÄTZER},
	title = {More Math Into LaTeX},
	chapter = {Text and Math},
	publisher = {Springer},
	address = {Budapest},
	year = {2016},
	edition = {5},
	ISBN = {978-3319237954},
}


@Misc{unizaLatex,
	author = {Pavel STŘÍŽ and Rudolf BLAŠKO and Aleš KOZUBÍK},
	title = {TEXUJEME RÁDI A VESELE ANEB ZÁKLADNÍ A STŘEDNÍ ŠKOLA TEXU},
	howpublished = {[online]},
	url = {https://invimath.fri.uniza.sk/images/slides/LaTeX/tex-ucitelia.pdf},
}


@Misc{vutImages,
	author = {David MARTINEK},
	title = {Jak vkládat obrázky},
	howpublished = {[online]},
	year = {rev. 24. únor 2008},
	url = {http://www.fit.vutbr.cz/~martinek/latex/figures.html},
}


@Misc{czechStyle,
	author = {Jindřich KOLORENČ},
	title = {Nastavení pro českou sazbu v LaTeXu},
	howpublished = {[online]},
	year = {rev. 30. leden 2020},
	url = {https://www.fzu.cz/~kolorenc/cs/tex.php},
}

@MastersThesis{practicalLatex,
	author = {František PETRÁŠ},
	title = {Využití LaTeXu ve firemní praxi},
	school = {Vysoká škola ekonomická v Praze. Aplikovaná informatika.},
	year = {2013},
	type = {Bakalářská práce},
}

@MastersThesis{latextables,
	author = {Tomáš JURČA},
	title = {Editor tabulek pro LaTeX},
	school = {UNIVERZITA PALACKÉHO V OLOMOUCI. Přírodovědecká fakulta. Aplikovaná informatika.},
	year = {2011},
	type = {Bakalářská práce},
}

@InProceedings{animations,
    title = {Otvorený softvér vo vzdelávaní, výskume a IT riešeniach},
    publisher = {C-PRESS.sk, Košice},
    pages = {178--180},
    year = {2010},
    ISBN = {978-80-970457-0-8},
    url = {https://invimath.fri.uniza.sk/images/slides/OSSConf/zbornik2010.pdf},
}

@InProceedings{buttons,
    title = {Otvorený softvér vo vzdelávaní, výskume a IT riešeniach},
    publisher = {SOIT, Bratislava,Žilinská univerzita v Žiline},
    pages = {104--105},
    year = {2014},
    ISBN = {978-80-970457-4-6},
    url = {https://invimath.fri.uniza.sk/images/slides/OSSConf/zbornik2014.pdf},
}


@Article{onlineLatex,
    title = {Full Circle Magazine 98},
    author = {Ronnie TUCKER},
    pages = {42--43},
    year = {2015},
}